%% -*-Coding: us-ascii-unix; Mode: Fundamental;-*-

@manual{specification34,
title={{Modelica} - A Unified Object-Oriented Language for Physical
	Systems Modeling - Language Specification Version 3.4},
author={Modelica Association},
year={2017},
month={April},
date={2017-04-10},
}

@techreport{openmodelica2014,
title={{OpenModelica} System Documentation, Version 2014-02-01},
author={Fritzson, Peter and others},
institution={Open Source Modelica Consortium},
year={2014},
month={February},
note={URL: https://openmodelica.org/svn/OpenModelica/trunk/doc/OpenModelicaSystem.pdf},
memo={OpenModelica 1.9.1 Beta1},
}

@manual{lms2007,
title={Translator to flat {Modelica}},
author={LMS International},
year={2007},
month={May},
url={},
memo={},
}

@techreport{otter1994,
title={{DSblock}: A neutral description of dynamic systems, Version 3.3},
author={Otter, Martin},
institution={DLR at Oberpfaffenhofen},
year={1994},
month={April},
url={},
memo={},
}

@techreport{omg2012,
title={{SysML}--{Modelica} Transformation, version 1.0},
author={OMG (Object Management Group)},
institution={OMG},
year={2012},
month={November},
note={URL: https://www.omg.org/spec/SyM/1.0},
memo={},
}

@article{paredis2010,
title = {An Overview of the {SysML}-{Modelica} Transformation Specification},
author = {Paredis, Christiaan J.J. and Bernard, Yves and Burkhart,
	Roger M and de Koning, Hans-Peter and Friedenthal, Sanford and
	Fritzson, Peter and Rouquette, Nicolas F and Schamai, Wladimir},
journal = {INCOSE International Symposium},
volume = {20},
number = {1},
pages = {709-722},
year = {2010},
note={DOI: 10.1002/j.2334-5837.2010.tb01099.x},
}
